@inbook{harlow_electrophoresis_1988,
  title = {Antibodies: a laboratory manual},
  publisher = {{CSHL} Press},
  author = {Harlow, Edward and Lane, David},
  year = {1988},
  pages = {736--739}
},
