@manual{octave,
  title = {{GNU Octave} version 4.2.0 manual: a high-level interactive
                  language for numerical computations},
  author = {John W. Eaton and David Bateman and S\oren Hauberg and Rik
                  Wehbring},
  year = {2016},
  url = {http://www.gnu.org/software/octave/doc/interpreter},
},

@inproceedings{octave-control,
  title={Free computer-aided control system design ({CACSD}) tools for
                  {GNU Octave}},
  author={Reichlin, Lukas F},
  booktitle={{Computer Aided Control System Design (CACSD)}, 2013
                  {IEEE Conference} on},
  pages={334--339},
  year={2013},
  doi={10.1109/CACSD.2013.6663485},
},

@inproceedings{octave-ltfat,
  title={The large time-frequency analysis toolbox 2.0},
  author={Průša, Zdeněk and Søndergaard, Peter L and Holighaus, Nicki
                  and Wiesmeyr, Christoph and Balazs, Peter},
  booktitle={International Symposium on Computer Music Modeling and Retrieval},
  pages={419--442},
  year={2014},
  doi={10.1007/978-3-319-12976-1_25},
},

@phdthesis{octave-level-set,
  author = {Daniel Kraft},
  title = {A Level-Set Framework for Shape Optimisation},
  school = {University of Graz},
  year = {2015},
},

@article{bioformats,
  title={Metadata matters: access to image data in the real world},
  author={Linkert, Melissa and Rueden, Curtis T and Allan, Chris and
                  Burel, Jean-Marie and Moore, Will and Patterson,
                  Andrew and Loranger, Brian and Moore, Josh and
                  Neves, Carlos and MacDonald, Donald and Tarkowska,
                  Aleksandra and Sticco, Caitlin and Hill, Emma and
                  Rossner, Mike and Eliceiri, Kevin W and Swedlow,
                  Jason R},
  journal={The Journal of cell biology},
  volume={189},
  number={5},
  pages={777--782},
  year={2010},
  doi={10.1083/jcb.201004104},
},

@article{cellprofiler,
  title={CellProfiler: image analysis software for identifying and quantifying cell phenotypes},
  author={Carpenter, Anne E and Jones, Thouis R and Lamprecht, Michael
                  R and Clarke, Colin and Kang, In Han and Friman, Ola
                  and Guertin, David A and Chang, Joo Han and
                  Lindquist, Robert A and Moffat, Jason and Golland,
                  Polina and Sabatini, David M},
  journal={Genome biology},
  volume={7},
  number={10},
  pages={R100},
  year={2006},
  doi={10.1186/gb-2006-7-10-r100},
},

@article{imagej2,
  title={The {ImageJ} ecosystem: an open platform for biomedical image
                  analysis},
  author={Schindelin, Johannes and Rueden, Curtis T and Hiner, Mark C
                  and Eliceiri, Kevin W},
  journal={Molecular reproduction and development},
  volume={82},
  number={7-8},
  pages={518--529},
  year={2015},
  doi={10.1002/mrd.22489},
},

@article{omero,
  title={{OMERO}: flexible, model-driven data management for
                  experimental biology},
  author={Allan, Chris and Burel, Jean-Marie and Moore, Josh and
                  Blackburn, Colin and Linkert, Melissa and Loynton,
                  Scott and MacDonald, Donald and Moore, William J and
                  Neves, Carlos and Patterson, Andrew and Porter,
                  Michael and Tarkowska, Aleksandra and Loranger,
                  Brian and Avondo, Jerome and Lagerstedt, Ingvar and
                  Lianas, Luca and Leo, Simone and Hands, Katherine
                  and Hay, Ron T and Patwardhan, Ardan and Best,
                  Christoph and Kleywegt, Gerard J and Zanetti,
                  Gianluigi and Swedlow, Jason R},
  journal={Nature methods},
  volume={9},
  number={3},
  pages={245--253},
  year={2012},
  doi={10.1038/nmeth.1896},
},
