@inbook{harlow_electrophoresis_1988,
  title = {Antibodies: a laboratory manual},
  publisher = {{CSHL} Press},
  author = {Harlow, Edward and Lane, David},
  year = {1988},
  pages = {736--739},
},

@manual{neb_catalogue_2011,
  title = {{NEB} 2011--2012 catalog \& technical reference},
  organization = {{New England BioLabs}},
  year = {2011},
},

@article{codon_usage,
  title = {Codon usage tabulated from international {DNA} sequence databases: status for the year 2000},
  volume = {28},
  number = {1},
  journal = {Nucleic Acids Research},
  author = {Nakamura, Yasukazu and Gojobori, Takashi and Ikemura, Toshimichi},
  month = jan,
  year = {2000},
  pmid = {10592250},
  pmcid = {PMC102460},
  pages = {292},
},
