@article{cloning-mRFP-PCNA-by-Helen,
  title={A centrosome-autonomous signal that involves centriole disengagement
         permits centrosome duplication in {G2} phase after {DNA} damage},
  author={Inan{\c{c}}, Burcu and Dodson, Helen and Morrison, Ciaran G},
  journal={Molecular biology of the cell},
  volume={21},
  number={22},
  pages={3866--3877},
  year={2010},
  publisher={Am Soc Cell Biol},
  doi={10.1091/mbc.E10-02-0124},
},
