@article{williams2016IDR,
  title={The Image Data Resource: A Scalable Platform for Biological
                  Image Data Access, Integration, and Dissemination},
  author={Williams, Eleanor and Moore, Josh and Li, Simon W and
                  Rustici, Gabriella and Tarkowska, Aleksandra and
                  Chessel, Anatole and Leo, Simone and Antal, Balint
                  and Ferguson, Richard K and Sarkans, Ugis and
                  Brazma, Alvis and Carazo-Salas, Rafael E and Swedlow, Jason},
  journal={bioRxiv},
  year={2016},
  doi={10.1101/089359},
},
