%% 249 authors, some of them repeated because they are listed by
%% institution.  Just ignore it.
@article{nature-first-human-genome-draft,
  title={Initial sequencing and analysis of the human genome},
  author={Lander, Eric S and Linton, Lauren M and Birren, Bruce
          and Nusbaum, Chad and Zody, Michael C and Baldwin, Jennifer
          and Devon, Keri and Dewar, Ken and Doyle, Michael
          and FitzHugh, William and others},
  journal={Nature},
  volume={409},
  number={6822},
  pages={860--921},
  year={2001},
  doi={10.1038/35057062},
},

@article{gfp-first-expression-marker,
  title = {{Green Fluorescent Protein} as a marker for gene expression},
  author = {Martin Chalfie and Yuan Tu and Ghia Euskirchen
            and William W Ward and Douglas C Prasher},
  journal = {Science},
  volume = {263},
  number = {5148},
  pages = {802--805},
  year = {1994},
  month = {Feb},
  day = {11},
  doi = {10.1126/science.8303295},
},

@article{shimomura1962-gfp-discovery,
  title={Extraction, purification and properties of {Aequorin}, a
         bioluminescent protein from the luminous hydromedusan,
         \species{{Aequorea}}},
  author={Shimomura, Osamu and Johnson, Frank H and Saiga, Yo},
  journal={Journal of cellular and comparative physiology},
  volume={59},
  number={3},
  pages={223--239},
  year={1962},
  month={Jun},
  doi={10.1002/jcp.1030590302},
},

@inbook{FP-color-palette,
  title={The fluorescent protein color palette},
  author={Olenych, Scott G and Claxton, Nathan S and Ottenberg, Gregory K and Davidson, Michael W},
  booktitle={Current protocols in cell biology},
  chapter={21.5},
  year={2007},
  doi={10.1002/0471143030.cb2105s36},
  publisher={Wiley Online Library},
},

@article{pagfp-discovery,
  title={A photoactivatable {GFP} for selective photolabeling of
         proteins and cells},
  author={Patterson, George H and Lippincott-Schwartz, Jennifer},
  journal={Science},
  volume={297},
  number={5588},
  pages={1873--1877},
  year={2002},
  month={Sep},
},

@article{kaede-discovery,
  title={An optical marker based on the {UV}-induced green-to-red
         photoconversion of a fluorescent protein},
  author={Ando, Ryoko and Hama, Hiroshi and Yamamoto-Hino, Miki
          and Mizuno, Hideaki and Miyawaki, Atsushi},
  journal={Proceedings of the National Academy of Sciences},
  volume={99},
  number={20},
  pages={12651--12656},
  year={2002},
  month={Oct},
},

@article{meos2-discovery,
  title={A bright and photostable photoconvertible fluorescent protein
         for fusion tags},
  author={McKinney, Sean A and Murphy, Christopher S and Hazelwood, Kristin L
          and Davidson, Michael W and Looger, Loren L},
  journal={Nature methods},
  volume={6},
  number={2},
  pages={131--133},
  year={2009},
  month={Feb},
  doi={10.1038/nmeth.1296}
},

