@article{weblogo,
  title = {{WebLogo}: a sequence logo generator},
  author = {Crooks, G.E. and Hon, G. and Chandonia, J.M. and Brenner, S.E.},
  journal = {Genome research},
  volume = {14},
  number = {6},
  pages = {1188--1190},
  year = {2004},
},

@article{seqlogo,
  author = {T. D. Schneider and R. M. Stephens},
  title = {Sequence logos: a new way to display consensus sequences},
  journal = {Nucleic Acids Res},
  volume = {18},
  pages = {6097--6100},
  pmid = {2172928},
  pmcid = {PMC332411},
  year = {1990},
},

@article{mueller2010frap,
  title={{FRAP} and kinetic modeling in the analysis of nuclear protein dynamics: what do we really know?},
  author={Mueller, Florian and Mazza, Davide and Stasevich, Timothy J and McNally, James G},
  journal={Current opinion in cell biology},
  volume={22},
  number={3},
  pages={403--411},
  year={2010},
},

@article{axelrod1976mobility,
  title={Mobility measurement by analysis of fluorescence photobleaching recovery kinetics},
  author={Axelrod, D and Koppel, D E and Schlessinger, J and Elson, E and Webb, W W},
  journal={Biophysical journal},
  volume={16},
  number={9},
  pages={1055--1069},
  year={1976},
},

@article{mueller2008evidence,
  title={Evidence for a common mode of transcription factor interaction with chromatin as revealed by improved quantitative fluorescence recovery after photobleaching},
  author={Mueller, Florian and Wach, Paul and McNally, James G},
  journal={Biophysical journal},
  volume={94},
  number={8},
  pages={3323--3339},
  year={2008},
},

@book{octave_manual,
  author    = {John W. Eaton and David Bateman and S\oren Hauberg},
  title     = {{GNU Octave} version 3.0.1 manual: a high-level interactive language for numerical computations},
  publisher = {CreateSpace Independent Publishing Platform},
  year      = {2009},
  note      = {{ISBN} 1441413006},
  url       = {http://www.gnu.org/software/octave/doc/interpreter},
},

@article{fiji,
  title={Fiji: an open-source platform for biological-image analysis},
  author={Schindelin, Johannes and Arganda-Carreras, Ignacio and Frise, Erwin and Kaynig, Verena and Longair, Mark and Pietzsch, Tobias and Preibisch, Stephan and Rueden, Curtis and Saalfeld, Stephan and Schmid, Benjamin and others},
  journal={Nature methods},
  volume={9},
  number={7},
  pages={676--682},
  year={2012},
  publisher={Nature Publishing Group}
},

@article{imagej,
  title={NIH Image to ImageJ: 25 years of image analysis},
  author={Schneider, Caroline A and Rasband, Wayne S and Eliceiri, Kevin W and others},
  journal={Nat Methods},
  volume={9},
  number={7},
  pages={671--675},
  year={2012}
},

@article{stackreg,
  title={A pyramid approach to subpixel registration based on intensity},
  author={Th\'evenaz, Philippe and Ruttimann, Urs E and Unser, Michael},
  journal={IEEE Transactions on Image Processing},
  volume={7},
  number={1},
  pages={27--41},
  year={1998},
},

@article{KimuraCook,
  title={Kinetics of core histones in living human cells: little exchange of {H3} and {H4} and some rapid exchange of {H2B}},
  author={Kimura, Hiroshi and Cook, Peter R.},
  journal={The Journal of cell biology},
  volume={153},
  number={7},
  pages={1341--1353},
  year={2001},
},

@article{KevinH2BGFP,
  title={{Histone--GFP} fusion protein enables sensitive analysis of chromosome dynamics in living mammalian cells},
  author={Kanda, Teru and Sullivan, Kevin F. and Wahl, Geoffrey M.},
  journal={Current Biology},
  volume={8},
  number={7},
  pages={377--385},
  year={1998},
},

@phdthesis{NadineThesis,
  author={Quinn, Nadine},
  title={Regulation and assembly of the constitutive centromere associated network in human cells},
  school={National University of Ireland, Galway},
  year={2011},
},

@article{flaus2004sin,
  title={Sin mutations alter inherent nucleosome mobility},
  author={Flaus, Andrew and Rencurel, Chantal and Ferreira, Helder and Wiechens, Nicola and Owen-Hughes, Tom},
  journal={The EMBO journal},
  volume={23},
  number={2},
  pages={343--353},
  year={2004},
},

@article{HeLaCellCycle,
  title={A search for differential polypeptide synthesis throughout the cell cycle of {HeLa} cells},
  author={Bravo, Rodrigo and Celis, Julio E.},
  journal={The Journal of cell biology},
  volume={84},
  number={3},
  pages={795--802},
  year={1980},
},

@article{visualizationG1chromosomes,
  title={Visualization of {G1} chromosomes: a folded, twisted, supercoiled chromonema model of interphase chromatid structure},
  author={Belmont, Andrew S and Bruce, Kathy},
  journal={The Journal of cell biology},
  volume={127},
  number={2},
  pages={287--302},
  year={1994},
},

@article{earlyg1position,
  title={The radial positioning of chromatin is not inherited through mitosis but is established de novo in early {G1}},
  author={Thomson, Inga and Gilchrist, Susan and Bickmore, Wendy A and Chubb, Jonathan R},
  journal={Current biology},
  volume={14},
  number={2},
  pages={166--172},
  year={2004},
},

@article{RelativeChromosomePosition,
  title={Dynamics of relative chromosome position during the cell cycle},
  author={Essers, Jeroen and van Cappellen, Wiggert A and Theil, Arjan F and van Drunen, Ellen and Jaspers, Nicolaas GJ and Hoeijmakers, Jan HJ and Wyman, Claire and Vermeulen, Wim and Kanaar, Roland},
  journal={Molecular biology of the cell},
  volume={16},
  number={2},
  pages={769--775},
  year={2005},
},

@article{PancreaticCells,
  title={A comprehensive characterization of pancreatic ductal carcinoma cell lines: towards the establishment of an in vitro research platform},
  author={Sipos, Bence and M{\"o}ser, Simone and Kalthoff, Holger and T{\"o}r{\"o}k, Virag and L{\"o}hr, Matthias and Kl{\"o}ppel, G{\"u}nter},
  journal={Virchows Archiv},
  volume={442},
  number={5},
  pages={444--452},
  year={2003},
  doi={10.1007/s00428-003-0784-4},
},

@article{SerumStarvation,
  title={Serum starvation: caveat emptor},
  author={Pirkmajer, Sergej and Chibalin, Alexander V},
  journal={American Journal of Physiology-Cell Physiology},
  volume={301},
  number={2},
  pages={C272--C279},
  year={2011},
  doi={10.1152/ajpcell.00091.2011},
},

@article{pMH3-plasmid,
  title={Sequences of four mouse histone H3 genes: implications for evolution of mouse histone genes},
  author={Taylor, J David and Wellman, Susan E and Marzluff, William F},
  journal={Journal of molecular evolution},
  volume={23},
  number={3},
  pages={242--249},
  year={1986},
},

@article{Kevin-pCA-TAG,
  title={Assembly of {CENP--A} into centromeric chromatin requires a cooperative array of nucleosomal {DNA} contact sites},
  author={Shelby, Richard D. and Vafa, Omid and Sullivan, Kevin F.},
  journal={The Journal of cell biology},
  volume={136},
  number={3},
  pages={501--513},
  year={1997},
},

@article{DNA-replication-timing,
  title={{DNA} replication timing},
  author={Rhind, Nicholas and Gilbert, David M.},
  journal={Cold Spring Harbor perspectives in biology},
  volume={5},
  number={8},
  pages={a010132},
  year={2013},
  doi={10.1101/cshperspect.a010132},
},

@article{excess-histone,
  title={Histone {mRNA} expression: multiple levels of cell cycle regulation and important developmental consequences},
  author={Marzluff, William F. and Duronio, Robert J.},
  journal={Current opinion in cell biology},
  volume={14},
  number={6},
  pages={692--699},
  year={2002},
},

@article{drosophila-excess-histone1,
  title={Drosophila stem loop binding protein coordinates accumulation of mature histone {mRNA} with cell cycle progression},
  author={Sullivan, Eileen and Santiago, Carlos and Parker, Emily D. and Dominski, Zbigniew and Yang, Xiaocui and Lanzotti, David J. and Ingledue, Tom C. and Marzluff, William F. and Duronio, Robert J.},
  journal={Genes \& development},
  volume={15},
  number={2},
  pages={173--187},
  year={2001},
},

@article{drosophila-excess-histone2,
  title={The maternal effect gene, abnormal oocyte (abo), of Drosophila melanogaster encodes a specific negative regulator of histones},
  author={Berloco, Maria and Fanti, Laura and Breiling, Achim and Orlando, Valerio and Pimpinelli, Sergio},
  journal={Proceedings of the National Academy of Sciences},
  volume={98},
  number={21},
  pages={12126--12131},
  year={2001},
},

@article{regulated-histone-proteolysis,
  title={The emergence of regulated histone proteolysis},
  author={Gunjan, Akash and Paik, Johanna and Verreault, Alain},
  journal={Current opinion in genetics \& development},
  volume={16},
  number={2},
  pages={112--118},
  year={2006},
},

@article{histone-ubiqui-proteolysis,
  title={Histone levels are regulated by phosphorylation and ubiquitylation-dependent proteolysis},
  author={Singh, Rakesh Kumar and Kabbaj, Marie-Helene Miquel and Paik, Johanna and Gunjan, Akash},
  journal={Nature cell biology},
  volume={11},
  number={8},
  pages={925--933},
  year={2009},
},

@article{histone-control-immobile1,
  title={High mobility of proteins in the mammalian cell nucleus},
  author={Phair, Robert D. and Misteli, Tom},
  journal={Nature},
  volume={404},
  number={6778},
  pages={604--609},
  year={2000},
},

@article{histone-control-immobile2,
  title={Changes in mobility account for camptothecin-induced subnuclear relocation of topoisomerase {I}},
  author={Christensen, Morten O. and Barthelmes, Hans U. and Feineis, Silke and Knudsen, Birgitta R. and Andersen, Anni H. and Boege, Fritz and Mielke, Christian},
  journal={Journal of Biological Chemistry},
  volume={277},
  number={18},
  pages={15661--15665},
  year={2002},
},

@article{H4PAGFP-chromatin-movement,
  title={Chromatin movement visualized with photoactivable {GFP}--labeled histone {H4}},
  author={Wiesmeijer, Karien and Krouwels, Ilke M. and Tanke, Hans J. and Dirks, Roeland W.},
  journal={Differentiation},
  volume={76},
  number={1},
  pages={83--90},
  year={2008},
  doi={10.1111/j.1432-0436.2007.00234.x},
},

@article{luger1997crystal,
  title={Crystal structure of the nucleosome core particle at 2.8 {\AA} resolution},
  author={Luger, Karolin and M{\"a}der, Armin W. and Richmond, Robin K. and Sargent, David F. and Richmond, Timothy J.},
  journal={Nature},
  volume={389},
  number={6648},
  pages={251--260},
  year={1997},
},

@article{muthurajan2004crystal,
  title={Crystal structures of histone Sin mutant nucleosomes reveal altered protein--{DNA} interactions},
  author={Muthurajan, Uma M. and Bao, Yunhe and Forsberg, Lawrence J. and Edayathumangalam, Rajeswari S. and Dyer, Pamela N. and White, Cindy L. and Luger, Karolin},
  journal={The EMBO journal},
  volume={23},
  number={2},
  pages={260--271},
  year={2004},
},

@article{SNF-mutants-original-discovery,
  title={Mutants of yeast defective in sucrose utilization},
  author={Carlson, Marian and Osmond, Barbara C. and Botstein, David},
  journal={Genetics},
  volume={98},
  number={1},
  pages={25--40},
  year={1981},
},

@article{SNF-mutants2,
  title={Genes affecting the regulation of SUC2 gene expression by glucose repression in Saccharomyces cerevisiae},
  author={Neigeborn, Lenore and Carlson, Marian},
  journal={Genetics},
  volume={108},
  number={4},
  pages={845--858},
  year={1984},
},

@article{SWI-mutants,
  title={Five {SWI} genes are required for expression of the {HO} gene in yeast},
  author={Stern, Michael and Jensen, Robert and Herskowitz, Ira},
  journal={Journal of molecular biology},
  volume={178},
  number={4},
  pages={853--868},
  year={1984},
},
