@comment{This file has been generated by Pybliographer}


@Article{TNTK+91,
  Author         = {Nagata, Toshi and Kato, Tomohisa and Morita, Takashi
                   and Nozaki, Masami and Kubota, Hiroshi and Yagi,
                   Hirotaka and Matsushiro, Aizo},
  Title          = {Polyadenylated and 3' processed m{RNA}s are
                   transcribed from the mouse histone {H}2{A}.{X} gene},
  Journal        = {Nucleic Acids Research},
  Volume         = {19},
  Number         = {9},
  Pages          = {2441-2447},
  year           = 1991
}

@Article{CCK+06,
  Author         = {Chew, Yap Ching and Camporeale, Gabriela and
                   Kothapalli, Nagarama and Sarath, Gautam and Zempleni,
                   Janos},
  Title          = {Lysine residues in {N}-terminal and {C}-terminal
                   regions of human histone {H}2{A} are targets for
                   biotinylation by biotinidase},
  Journal        = {Journal of Nutritional Biochemistry},
  Volume         = {17},
  Pages          = {225-233},
  year           = 2006
}

@Article{TSMO+04,
  Author         = {Stiff, Tom and O'Driscoll, Mark and Rief, Nicole and
                   Iwabuchi, Kuniyoshi and L\"obrich, Markus and Jeggo,
                   Penny A.},
  Title          = {A{TM} and {DNA}-{PK} function redundantly to
                   phosphorylate {H}2{AX} after exposure to ionizing
                   radiation},
  Journal        = {Cancer Research},
  Volume         = {64},
  Pages          = {2390-2396},
  month          = {1 } # apr,
  year           = 2004
}

@Article{LB09,
  Author         = {Lukas, Jiri and Bartek, Jiri},
  Title          = {New tales of an old tail},
  Journal        = {Nature},
  Volume         = {458},
  Pages          = {581-583},
  month          = {2 } # apr,
  year           = 2009
}

@Article{ANY+04,
  Author         = {Aihara, Hitoshi and Nakagawa, Takeya and Yasui,
                   Kiyoshi and Ohta, Tsutomu and Hirose, Susumu and
                   Dhomae, Naoshi and Takio, Koji and Kaneko, Mayumi and
                   Takeshima, Yukio and Muramatsu, Masami and Ito, Takashi},
  Title          = {Nucleosomal histone kinase-1 phosphorylates {H}2{A}
                   {T}hr 119 during mitosis in the early {D}rosophila
                   embryo},
  Journal        = {Genes \& Development},
  Volume         = {18},
  Pages          = {877-888},
  year           = 2004
}

@Article{ACSD+03,
  Author         = {Celeste, Arkady and Difilippantonio, Simone and
                   Difilippantonio, Michael J. and Fernandez-Capetillo,
                   Oscar and Pilch, Duane R and Sedelnikova, Olga A and
                   Eckhaus, Michael and Ried, Thomas and Bonner, William M
                   and Nussenzweig, Andr\'e},
  Title          = {H2{AX} haploinsufficiency modifies genomic stability
                   and tumor susceptibility},
  Journal        = {Cell},
  Volume         = {114},
  Pages          = {371-383},
  month          = {8 } # aug,
  year           = 2003
}

@Article{IZP+94,
  Author         = {Ivanova, Vessela S. and Zimonjic, Drazen and Popescu,
                   Nicholas and Bonner, William M.},
  Title          = {Chromosomal localization of the human histone
                   {H}2{A}.{X} gene to 11q23.2-q23.3 by fluorescence in
                   situ hybridization},
  Journal        = {Human Genetics},
  Volume         = {94},
  Number         = {3},
  Pages          = {303-306},
  month          = sep,
  year           = 1994
}

@Article{CTJJH05,
  Author         = {Thiriet, Christophe and Hayes, Jeffrey J.},
  Title          = {Chromatin in need of a fix: phosphorylation of
                   {H}2{AX} connects chromatin to {DNA} repair},
  Journal        = {Molecular Cell},
  Volume         = {18},
  Pages          = {617-622},
  month          = jun,
  year           = 2005
}

@Article{JAK91,
  Author         = {Kleinschmidt, J\"urgen A. and Steinbeisser, Herbert},
  Title          = {D{NA}-dependent phosphorylation of histone {H}2{A}.{X}
                   during nucleosome assembly in {X}enopus laevis oocytes:
                   involvement of protein phosphorylation in nucleosome
                   spacing},
  Journal        = {The EMBO Journal},
  Volume         = {10},
  Number         = {10},
  Pages          = {3043-3050},
  year           = 1991
}

@Article{RKCJB+04,
  Author         = {Kitagawa, Risa and Bakkenist, Christopher J. and
                   McKinnon, Peter J. and Kastan, Michael B.},
  Title          = {Phosphorylation of {SMC}1 is a critical downstream
                   event in the {ATM}-{NBS}1-{BRCA}1 pathway},
  Journal        = {Genes \& Development},
  Volume         = {18},
  Pages          = {1423-1438},
  year           = 2004
}

@Article{ACOF+03,
  Author         = {Celeste, Arkady and Fernandez-Capetillo, Oscar and
                   Kruhlak, Michael J. and Pilch, Duane R. and Staudt,
                   David W. and Lee, Alicia and Bonner, Robert F. and
                   Bonner, William M. and Nussenzweig, Andr\'e},
  Title          = {Histone {H}2{AX} phosphorylation is dispensable for
                   the initial recognition of {DNA} breaks},
  Journal        = {Nature Cell Biology},
  Volume         = {5},
  Number         = {7},
  Pages          = {675-679},
  month          = jul,
  year           = 2003
}

@Article{BEL+05,
  Author         = {Linggi, Bryan E. and Brandt, Stephen J. and Sun,
                   Zu-Wen and Hiebert, Scott W.},
  Title          = {Translating the histone code into leukemia},
  Journal        = {Journal of Cellular Biochemistry},
  Volume         = {96},
  Pages          = {938-950},
  year           = 2005
}

@Article{WMB+08,
  Author         = {Bonner, William M. and Redon, Christophe E. and
                   Dickey, Jennifer S. and Nakamura, Asako J. and
                   Sedelnikova, Olga A. and Solier, St\'ephanie and
                   Pommier, Yves},
  Title          = {Gamma-{H}2{AX} and cancer},
  Journal        = {Nature Reviews Cancer},
  Volume         = {8},
  Pages          = {957-967},
  month          = dec,
  year           = 2008
}

@Article{richmond-1kx5-19ansgtrom,
  title={Solvent mediated interactions in the structure of the
         nucleosome core particle at 1.9 {{\AA}} resolution},
  author={Davey, Curt A and Sargent, David F and Luger, Karolin and
          Maeder, Armin W and Richmond, Timothy J},
  journal={Journal of molecular biology},
  volume={319},
  number={5},
  pages={1097--1113},
  year={2002},
  doi={10.1016/S0022-2836(02)00386-8},
}

@Article{BLW+06,
  Author         = {Botuyan, Maria Victoria and Lee, Joseph and Ward,
                   Irene M. and Kim, Ja-Eun and Thompson, James R. and
                   Chen, Junjie and Mer, Georges},
  Title          = {Structural basis for the methylation state-specific
                   recognition of histone {H}4-{K}20 by 53{BP}1 and {C}rb2
                   in {DNA} repair},
  Journal        = {Cell},
  Volume         = {127},
  Pages          = {1361-1373},
  month          = {29 } # dec,
  year           = 2006
}

@Article{EYS+07,
  Author         = {Shim, Eun Yong and Hong, Soo Jin and Oum, Ji-Hyun and
                   Yanez, Yvonne and Zhang, Yu and Lee, Sang Eun},
  Title          = {R{SC} mobilizes nucleosomes to improve accessibility
                   of repair machinery to the damaged chromatin},
  Journal        = {Molecular and Cellular Biology},
  Volume         = {27},
  Number         = {5},
  Pages          = {1602-1613},
  month          = mar,
  year           = 2007
}

@Article{CHB+02,
  Author         = {Bassing, Craig H. and Chua, Katrin F. and Sekiguchi,
                   JoAnn and Suh, Heikyung and Whitlow, Scott R. and
                   Fleming, James C. and Monroe, Brianna C. and Ciccone,
                   David N. and Yan, Catherine and Vlasakova, Katerina and
                   Livingston, David M. and Ferguson, David O. and Scully,
                   Ralph and Alt, Frederick W.},
  Title          = {Increased ionizing radiation sensitivity and genomic
                   instability in the absence of histone {H}2{AX}},
  Journal        = {PNAS},
  Volume         = {99},
  Number         = {12},
  Pages          = {8173-8178},
  month          = {11 } # jun,
  year           = 2002
}

@Article{TTABF+05,
  Author         = {Tsukuda, Toyoko and Fleming, Alastair B. and
                   Nickoloff, Jac A. and Osley, Mary Ann},
  Title          = {Chromatin remodelling at a {DNA} double-strand break
                   site in {S}accharomyces cerevisiae},
  Journal        = {Nature},
  Volume         = {438},
  Pages          = {379-383},
  month          = {17 } # nov,
  year           = 2005
}

@Article{ITK+07,
  Author         = {Ikura, Tsuyoshi and Tashiro, Satoshi and Kakino, Akemi
                   and Shima, Hiroki and Jacob, Naduparambil and
                   Amunugama, Ravindra and Yoder, Kristine and Izumi,
                   Shunsuke and Kuraoka, Isao and Tanaka, Kiyoji and
                   Kimura, Hiroshi and Ikura, Masae and Nishikubo, Shuichi
                   and Ito, Takashi and Muto, Akihiko and Miyagawa,
                   Kiyoshi and Takeda, Shunichi and Fishel, Richard and
                   Igarashi, Kazuhiko and Kamiya, Kenji},
  Title          = {D{NA} damage-dependent acetylation and ubiquitination
                   of {H}2{AX} enhances chromatin dynamics},
  Journal        = {Molecular and Cellular Biology},
  Volume         = {27},
  Number         = {20},
  Pages          = {7028-7040},
  month          = oct,
  year           = 2007
}

@Article{OFAL+04,
  Author         = {Fernandez-Capetillo, Oscar and Lee, Alicia and
                   Nussenzweig, Michel and Nussenzweig, Andr\'e},
  Title          = {H2{AX}: the histone guardian of the genome},
  Journal        = {DNA Repair},
  Volume         = {3},
  Pages          = {959-967},
  year           = 2004
}

@Article{DRP+03,
  Author         = {Pilch, Duane R. and Sedelnikova, Olga A. and Redon,
                   Christophe and Celeste, Arkady and Nussenzweig, Andre
                   and Bonner, William M.},
  Title          = {Characteristics of gamma-{H}2{AX} foci at {DNA}
                   double-strand breaks sites},
  Journal        = {Biochemistry and Cell Biology},
  Volume         = {81},
  Pages          = {123-129},
  year           = 2003
}

@Article{FIT07,
  Author         = {Fink, Michel and Imholz, Daniela and Thoma, Fritz},
  Title          = {Contribution of the serine 129 of histone {H}2{A} to
                   chromatin structure},
  Journal        = {Molecular and Cellular Biology},
  Volume         = {27},
  Number         = {10},
  Pages          = {3589-3600},
  month          = may,
  year           = 2007
}

@Article{BA04,
  Author         = {Bassing, Craig H. and Alt, Frederick W.},
  Title          = {H2{AX} may function as an anchor to hold broken
                   chromosomal {DNA} ends in close proximity},
  Journal        = {Cell Cycle},
  Volume         = {3},
  Number         = {2},
  Pages          = {149-153},
  month          = feb,
  year           = 2004
}

@Article{BSZ00,
  Author         = {Zhou, Bin-Bing S. and Elledge, Stephen J.},
  Title          = {The {DNA} damage response: putting checkpoints in
                   perspective},
  Journal        = {Nature},
  Volume         = {408},
  Pages          = {433-439},
  month          = {23 } # nov,
  year           = 2000
}

@Article{JAD+04,
  Author         = {Downs, Jessica A. and Allard, Stephane and
                   Jobin-Robitaille, Olivier and Javaheri, Ali and Auger,
                   Andr\'eanne and Bouchard, Nathalie and Kron, Stephen J.
                   and Jackson, Stephen P. and C\^ot\'e, Jacques},
  Title          = {Binding of chromatin-modifying activities to
                   phosphorylated histone {H}2{A} at {DNA} damage sites},
  Journal        = {Molecular Cell},
  Volume         = {16},
  Pages          = {979-990},
  month          = {22 } # dec,
  year           = 2004
}

@Article{JA06,
  Author         = {Ausi\'o, Juan},
  Title          = {Histone variants-the structure behind the function},
  Journal        = {Briefings in Functional Genomics and Proteomics},
  Volume         = {5},
  Number         = {3},
  Pages          = {228-243},
  year           = 2006
}

@Article{KRIK+03,
  Author         = {Rothkamm, Kai and Kr\"uger, Ines and Thompson, Larry
                   H. and L\"obrich, Markus},
  Title          = {Pathways of {DNA} double-strand break repair during
                   the mammalian cell cycle},
  Journal        = {Molecular and Cell Biology},
  Volume         = {23},
  Number         = {16},
  Pages          = {5706-5715},
  month          = aug,
  year           = 2003
}

@Article{MSJAC+05,
  Author         = {Stucki, Manuel and Clapperton, Julie A. and Mohammad,
                   Duaa and Yaffe, Michael B. and Smerdon, Stephen J. and
                   Jackson, Stephen P.},
  Title          = {M{DC}1 directly binds phosphorylated histone {H}2{AX}
                   to regulate cellular responses to {DNA} double-strand
                   breaks},
  Journal        = {Cell},
  Volume         = {123},
  Pages          = {1213-1226},
  month          = {29 } # dec,
  year           = 2005
}

@Article{SJN06,
  Author         = {{Sullivan Jr.}, William J. and Naguleswaran, Arunasalam
                   and Angel, Sergio O.},
  Title          = {Histones and histone modifications in protozoan
                   parasites},
  Journal        = {Cellular Microbiology},
  Volume         = {8},
  Number         = {12},
  Pages          = {1850-1861},
  year           = 2006
}

@Article{PB81,
  Author         = {Pantazis, Panagiotis and Bonner, William M.},
  Title          = {Quantitative determination of histone modification.
                   {H}2{A} acetylation and phosphorylation},
  Journal        = {The Journal of Biological Chemistry},
  Volume         = {256},
  Number         = {9},
  Pages          = {4669-4675},
  month          = may,
  year           = 1981
}

@Article{RTK05,
  Author         = {Kamakaka, Rohinton T. and Biggins, Sue},
  Title          = {Histone variants: deviants?},
  Journal        = {Genes \& Development},
  Volume         = {19},
  Pages          = {295-310},
  year           = 2005
}

@Article{CJB03,
  Author         = {Bakkenist, Christopher J. and Kastan, Michael B.},
  Title          = {D{NA} damage activates {ATM} through intermolecular
                   autophosphorylation and dimer dissociation},
  Journal        = {Nature},
  Volume         = {421},
  Pages          = {499-506},
  month          = {30 } # jan,
  year           = 2003
}

@Article{EPR+98,
  Author         = {Rogakou, Emmy P. and Pilch, Duane R. and Orr, Ann H.
                   and Ivanova, Vessela S. and Bonner, William M.},
  Title          = {D{NA} double-stranded breaks induce histone {H}2{AX}
                   phosphorylation on serine 139},
  Journal        = {The Journal of Biological Chemistry},
  Volume         = {273},
  Number         = {10},
  Pages          = {5858-5868},
  month          = {6 } # mar,
  year           = 1998
}

@Article{CRDP+02,
  Author         = {Redon, Christophe and Pilch, Duane and Rogakou, Emmy
                   and Sedelnikova, Olga and Newrock, Kenneth and Bonner,
                   William},
  Title          = {Histone {H}2{A} variants {H}2{AX} and {H}2{AZ}},
  Journal        = {Current Opinion in Genetics \& Development},
  Volume         = {12},
  Pages          = {162-169},
  year           = 2002
}

@Article{KTA+06,
  Author         = {Kimura, Hiroshi and Takizawa, Nanako and Allemand,
                   Eric and Hori, Tetsuya and Iborra, Francisco J. and
                   Nozaki, Naohito and Muraki, Michiko and Hagiwara,
                   Masatoshi and Krainer, Adrian R. and Fukagawa, Tatsuo
                   and Okawa, Katsuya},
  Title          = {A novel histone exchange factor, protein phosphatase
                   2{C} gamma, mediates the exchange and dephosphorylation
                   of {H}2{A}-{H}2{B}},
  Journal        = {The Journal of Cell Biology},
  Volume         = {175},
  Number         = {3},
  Pages          = {389-400},
  month          = {6 } # nov,
  year           = 2006
}

@Article{MSL+05,
  Author         = {Lee, Megan S. and Edwards, Ross A. and Thede, Gina L.
                   and Glover, J. N. Mark},
  Title          = {Structure of the {BRCT} repeat domain of {MDC}1 and
                   its specificity for the free {COOH}-terminal end of the
                   gamma-{H}2{AX} histone tail},
  Journal        = {Journal of Biological Chemistry},
  Volume         = {280},
  Number         = {37},
  Pages          = {32053-32056},
  month          = {16 } # sep,
  year           = 2005
}

@Article{AWX+05,
  Author         = {Adams, Melissa M. and Wang, Bin and Xia, Zhenfang and
                   Morales, Julio C. and Lu, Xiongbin and Donehower,
                   Lawrence A. and Bochar, Daniel A. and Elledge, Stephen
                   J. and Carpenter, Phillip B.},
  Title          = {53{BP}1 oligomerization is independent of its
                   methylation by {PRMT}1},
  Journal        = {Cell Cycle},
  Volume         = {4},
  Number         = {12},
  Pages          = {1854-1861},
  month          = dec,
  year           = 2005
}

@Article{HSM03,
  Author         = {Malik, Harmit S. and Henikoff, Steven},
  Title          = {Phylogenomics of the nucleosome},
  Journal        = {Nature Structural Biology},
  Volume         = {10},
  Number         = {11},
  Pages          = {882-891},
  month          = nov,
  year           = 2003
}

@Article{OFHC+02,
  Author         = {Fernandez-Capetillo, Oscar and Chen, Hua-Tang and
                   Celeste, Arkady and Ward, Irene and Romanienko, Peter
                   J. and Morales, Julio C. and Naka, Kazuhito and Xia,
                   Zhenfang and Camerini-Otero, R. Daniel and Motoyama,
                   Noboru and Carpenter, Phillip B. and Bonner, William M.
                   and Chen, Junjie and Nussenzweig, Andr\'e},
  Title          = {D{NA} damage-induced {G}2-{M} checkpoint activation by
                   histone {H}2{AX} and 53{BP}1},
  Journal        = {Nature Cell Biology},
  Volume         = {4},
  Pages          = {993-997},
  month          = dec,
  year           = 2002
}

@Article{EFDZ08,
  Author         = {Fedorova, Elena and Zink, Daniele},
  Title          = {Nuclear architecture and gene regulation},
  Journal        = {Biochimica et Biophysica Acta},
  Volume         = {1783},
  Pages          = {2174-2184},
  year           = 2008
}

@Article{ULM+03,
  Author         = {Uziel, Tamar and Lerenthal, Yaniv and Moyal, Lilach
                   and Andegeko, Yair and Mittelman, Leonid and Shiloh,
                   Yosef},
  Title          = {Requirement of the {MRN} complex for {ATM} activation
                   by {DNA} damage},
  Journal        = {The EMBO Journal},
  Volume         = {22},
  Number         = {20},
  Pages          = {5612-5621},
  year           = 2003
}

@Article{Bla98,
  Author         = {Blaxter, Mark},
  Title          = {Caenorhabditis elegans is a nematode},
  Journal        = {Science},
  Volume         = {282},
  Pages          = {2041-2046},
  month          = {11 } # dec,
  year           = 1998
}

@Article{ERF05,
  Author         = {Foster, Elinor R. and Downs, Jessica A.},
  Title          = {Histone {H}2{A} phosphorylation in {DNA} double-strand
                   break repair},
  Journal        = {FEBS Journal},
  Volume         = {272},
  Pages          = {3231-3240},
  year           = 2005
}

@Article{DBMC+06,
  Author         = {Bonenfant, Debora and Coulot, Michele and Towbin,
                   Harry and Schindler, Patrick and Oostrum, Jan van},
  Title          = {Characterization of histone {H}2{A} and {H}2{B}
                   variants and their post-translational modifications by
                   mass spectrometry},
  Journal        = {Molecular \& Cellular Proteomics},
  Volume         = {5},
  Number         = {3},
  Pages          = {541-552},
  year           = 2006
}

@Article{weblogo,
  title = {{WebLogo}: a sequence logo generator},
  author = {Crooks, G.E. and Hon, G. and Chandonia, J.M. and Brenner, S.E.},
  journal = {Genome Research},
  volume = {14},
  number = {6},
  pages = {1188--1190},
  year = {2004},
  doi = {10.1101/gr.849004},
}

@Article{BC04,
  Author         = {Burma, Sandeep and Chen, David J.},
  Title          = {Role of {DNA}-{PK} in the cellular response to {DNA}
                   double-strand breaks},
  Journal        = {DNA Repair},
  Volume         = {3},
  Pages          = {909-918},
  year           = 2004
}

@Article{SPM+04,
  Author         = {Sanders, Steven L. and Portoso, Manuela and Mata, Juan
                   and B\"ahler, J\"urg and Allshire, Robin C. and
                   Kouzarides, Tony},
  Title          = {Methylation of histone {H}4 lysine 20 controls
                   recruitment of {C}rb2 to sites of {DNA} damage},
  Journal        = {Cell},
  Volume         = {119},
  Pages          = {603-614},
  month          = {24 } # nov,
  year           = 2004
}

@Article{CLKWK98,
  Author         = {Lengauer, Christoph and Kinzler, Kenneth W. and
                   Vogelstein, Bert},
  Title          = {Genetic instabilities in human cancers},
  Journal        = {Nature},
  Volume         = {396},
  Pages          = {643-649},
  month          = {17 } # dec,
  year           = 1998
}

@Article{RVD+09,
  Author         = {Rios-Doria, Jonathan and Velkova, Aneliya and Dapic,
                   Virna and Gal\'an-Caridad, Jos\'e M. and Dapic, Vesna
                   and Carvalho, Marcelo A. and Melendez, Johana and
                   Monteiro, Alvaro N.A.},
  Title          = {Ectopic expression of histone {H}2{AX} mutants reveals
                   a role for its post-translational modifications},
  Journal        = {Cancer Biology \& Therapy},
  Volume         = {8},
  Number         = {5},
  year           = 2009
}

@Article{FRF+04,
  Author         = {Flaus, Andrew and Rencurel, Chantal and Ferreira,
                   Helder and Wiechens, Nicola and Owen-Hughes, Tom},
  Title          = {Sin mutations alter inherent nucleosome mobility},
  Journal        = {The EMBO Journal},
  Volume         = {23},
  Number         = {2},
  Pages          = {343-353},
  year           = 2004
}

@Article{MSAW90,
  Author         = {Sapp, Martin and Worcel, Abraham},
  Title          = {Purification and mechanism of action of a nucleosome
                   assembly factor from {X}enopus oocytes},
  Journal        = {The Journal of Biological Chemistry},
  Volume         = {265},
  Number         = {16},
  Pages          = {9357-9365},
  month          = {5 } # jun,
  year           = 1990
}

@Article{TJL+00,
  Author         = {Leach, Thomas J. and Mazzeo, Maria and Chotkowski,
                   Heather L. and Madigan, James P. and Wotring, Michael
                   G. and Glaser, Robert L.},
  Title          = {Histone {H}2{A}.{Z} is widely but nonrandomly
                   distributed in chromosomes of {D}rosophila melanogaster},
  Journal        = {The Journal of Biological Chemistry},
  Volume         = {275},
  Number         = {30},
  Pages          = {23267-232272},
  month          = {28 } # jul,
  year           = 2000
}

@Article{ANTP06,
  Author         = {Nussenzweig, Andr\'e and Paull, Tanya},
  Title          = {Tails of histones lost},
  Journal        = {Nature},
  Volume         = {439},
  Pages          = {406-407},
  month          = {26 } # jan,
  year           = 2006
}

@Article{ALJME05,
  Author         = {Li, Andra and Eir\'{\i}n-L\'opez, Jos\'e M. and
                   Ausi\'o, Juan},
  Title          = {H2{AX}: tailoring histone {H}2{A} for
                   chromatin-dependent genomic integrity},
  Journal        = {Biochemistry and Cell Biology},
  Volume         = {83},
  Pages          = {505-515},
  year           = 2005
}

@Misc{DeL02,
  Author         = {DeLano, W.L.},
  Title          = {The {P}y{MOL} {M}olecular {G}raphics {S}ystem},
  HowPublished   = {on World Wide Web http://www.pymol.org},
  year           = 2002
}

@Article{AAG+08,
  Author         = {Goodarzi, Aaron A. and Noon, Angela T. and Deckbar,
                   Dorothee and Ziv, Yael and Shiloh, Yosef and L\"obrich,
                   Markus and Jeggo, Penny A.},
  Title          = {A{TM} signaling facilitates repair of {DNA}
                   double-strand breaks associated with heterochromatin},
  Journal        = {Molecular Cell},
  Volume         = {31},
  Pages          = {167-177},
  month          = {25 } # jul,
  year           = 2008
}

@Article{EAR+09,
  Author         = {Eliezer, Yifat and Argaman, Liron and Rhie, Alexandre
                   and Doherty, Aidan J. and Goldberg, Michal},
  Title          = {The direct interaction between 53{BP}1 and {MDC}1 is
                   required for the recruitment of 53{BP}1 to sites of
                   damage},
  Journal        = {Journal of Biological Chemistry},
  Volume         = {284},
  Number         = {1},
  Pages          = {426-435},
  year           = 2009
}

@Article{MKJK+06,
  Author         = {Keogh, Michael-Christopher and Kim, Jung-Ae and
                   Downey, Michael and Fillingham, Jeffrey and Chowdhury,
                   Dipanjan and Harrison, Jacob C. and Onishi, Megumi and
                   Datta, Nira and Galicia, Sarah and Emili, Andrew and
                   Lieberman, Judy and Shen, Xuetong and Buratowski,
                   Stephen and Haber, James E. and Durocher, Daniel and
                   Greenblatt, Jack F. and Krogan, Nevan J.},
  Title          = {A phosphatase complex that dephosphorylates
                   gamma-{H}2{AX} regulates {DNA} damage checkpoint
                   recovery},
  Journal        = {Nature},
  Volume         = {439},
  Pages          = {497-501},
  month          = {20 } # jan,
  year           = 2006
}

@Article{KYSY+03,
  Author         = {Yoshida, Kayo and Yoshida, Shu-Hey and Shimoda,
                   Chikashi and Morita, Takashi},
  Title          = {Expression and radiation-induced phosphorylation of
                   histone {H}2{AX} in mammalian cells},
  Journal        = {Journal of Radiation Research},
  Volume         = {44},
  Pages          = {47-51},
  year           = 2003
}

@Article{AKWW+08,
  Author         = {Kinner, Andrea and Wu, Wenqi and Staudt, Christian and
                   Iliakis, George},
  Title          = {Gamma-{H}2{AX} in recognition and signaling of {DNA}
                   double-strand breaks in the context of chromatin},
  Journal        = {Nucleic Acids Research},
  Volume         = {36},
  Number         = {17},
  Pages          = {5678-5694},
  year           = 2008
}

@Article{MCG02,
  Author         = {Madigan, James P. and Chotkowski, Heather L. and
                   Glaser, Robert L.},
  Title          = {D{NA} double-strand break-induced phosphorylation of
                   {D}rosophila histone variant {H}2{A}v helps prevent
                   radiation-induced apoptosis},
  Journal        = {Nucleic Acids Research},
  Volume         = {30},
  Number         = {17},
  Pages          = {3698-3705},
  year           = 2002
}

@Article{JSEMB05,
  Author         = {Swaminathan, Jyothishmathi and Baxter, Ellen M. and
                   Corces, Victor G.},
  Title          = {The role of histone {H}2{A}v variant replacement and
                   histone {H}4 acetylation in the establishment of
                   {D}rosophila heterochromatin},
  Journal        = {Genes \& Development},
  Volume         = {19},
  Pages          = {65-76},
  year           = 2005
}

@Article{MPJEK06,
  Author         = {Papamichos-Chronakis, Manolis and Krebs, Jocelyn E.
                   and Peterson, Craig L.},
  Title          = {Interplay between {I}no80 and {S}wr1 chromatin
                   remodeling enzymes regulates cell cycle checkpoint
                   adaptation in response to {DNA} damage},
  Journal        = {Genes \& Development},
  Volume         = {20},
  Pages          = {2437-2449},
  year           = 2006
}

@Article{JAD07,
  Author         = {Downs, Jessica A. and Nussenzweig, Michel C. and
                   Nussenzweig, Andr\'e},
  Title          = {Chromatin dynamics and the preservation of genetic
                   information},
  Journal        = {Nature},
  Volume         = {447},
  Pages          = {951-958},
  month          = {21 } # jun,
  year           = 2007
}

@Article{GCJ+07,
  Author         = {Grenon, Muriel and Costelloe, Thomas and Jimeno, Sonia
                   and O'Shaughnessy, Aisling and FitzGerald, Jennifer and
                   Zgheib, Omar and Degerth, Linda and Lowndes, Noel F.},
  Title          = {Docking onto chromatin via the {S}accharomyces
                   cerevisiae {R}ad9 {T}udor domain},
  Journal        = {Yeast},
  Volume         = {24},
  Pages          = {105-119},
  year           = 2007
}

@Article{DCS+08,
  Author         = {Dimitrova, Nadya and Chen, Yi-Chun M. and Spector,
                   David L. and Lange, Titia de},
  Title          = {53{BP}1 promotes non-homologous end joining of
                   telomeres by increasing chromatin mobility},
  Journal        = {Nature},
  Volume         = {456},
  Pages          = {524-528},
  month          = {27 } # nov,
  year           = 2008
}

@Article{WKM+06,
  Author         = {Ward, Irene and Kim, Ja-Eun and Minn, Kay and Chini,
                   Claudia C. and Mer, Georges and Chen, Junjie},
  Title          = {The tandem {BRCT} domain of 53{BP}1 is not required
                   for its repair function},
  Journal        = {The Journal of Biological Chemistry},
  Volume         = {281},
  Number         = {50},
  Pages          = {38472-38477},
  month          = {15 } # dec,
  year           = 2006
}

@Article{IGC+07,
  Author         = {Cowell, Ian G. and Sunter, Nicola J. and Singh, Prim
                   B. and Austin, Caroline A. and Durkacz, Barbara W. and
                   Tilby, Michael J.},
  Title          = {Gamma-{H}2{AX} foci form preferentially in euchromatin
                   after ionising-radiation},
  Journal        = {PLoS ONE},
  Volume         = {10},
  month          = oct,
  year           = 2007
}

@Article{CXZ+08,
  Author         = {Chowdhury, Dipanjan and Xu, Xingzhi and Zhong, Xueyan
                   and Ahmed, Fariyal and Zhong, Jianing and Liao, Ji and
                   Dykxhoorn, Derek M. and Weinstock, David M. and
                   Pfeifer, Gerd P. and Lieberman, Judy},
  Title          = {A {PP}4-phosphatase complex dephosphorylates
                   gamma-{H}2{AX} generated during {DNA} replication},
  Journal        = {Molecular Cell},
  Volume         = {31},
  Number         = {1},
  Pages          = {33-46},
  month          = {11 } # jul,
  year           = 2008
}

@Article{DM99,
  Author         = {Dominski, Zbigniew and Marzluff, William F.},
  Title          = {Formation of the 3' end of histone m{RNA}},
  Journal        = {Gene},
  Volume         = {239},
  Pages          = {1-14},
  year           = 1999
}

@article{SLBP-regulation,
  title = {Stem-loop binding protein, the protein that binds the 3'
                  end of histone {mRNA} is cell cycle regulated by
                  both translational and posttranslational mechanisms},
  author = {Whitfield, Michael L. and Zheng, Lian-Xing and Baldwin,
                  Amy and Ohta, Tomohiko and Hurt, Myra M. and
                  Marzluff, William F.},
  journal = {Molecular and Cellular Biology},
  volume = {20},
  number = {12},
  pages = {4188--4198},
  year = {2000},
  doi = {10.1128/MCB.20.12.4188-4198.2000},
},

@Article{RSAA+04,
  Author         = {Shroff, Robert and Arbel-Eden, Ayelet and Pilch, Duane
                   and Ira, Grzegorz and Bonner, William M. and Petrini,
                   John H. and Haber, James E. and Lichten, Michael},
  Title          = {Distribution and dynamics of chromatin modification
                   induced by a defined {DNA} double-strand break},
  Journal        = {Current Biology},
  Volume         = {14},
  Pages          = {1703-1711},
  month          = {5 } # oct,
  year           = 2004
}

@Article{OFAC03,
  Author         = {Fernandez-Capetillo, Oscar and Celeste, Arkady and
                   Nussenzweig, Andr\'e},
  Title          = {Focusing on foci: {H}2{AX} and the recruitment of
                   {DNA}-damage response factors},
  Journal        = {Cell Cycle},
  Volume         = {2},
  Number         = {3},
  Pages          = {426-427},
  year           = 2003
}

@Article{DGW+08,
  Author         = {Difilippantonio, Simone and Gapud, Eric and Wong,
                   Nancy and Huang, Ching-Yu and Mahowald, Grace and Chen,
                   Hua Tang and Kruhlak, Michael J. and Callen, Elsa and
                   Livak, Ferenc and Nussenzweig, Michel C. and Sleckman,
                   Barry P. and Nussenzweig, Andr\'e},
  Title          = {53{BP}1 facilitates long-range {DNA} end-joining
                   during {V}({D}){J} recombination},
  Journal        = {Nature},
  Volume         = {456},
  Pages          = {529-533},
  month          = {27 } # nov,
  year           = 2008
}

@Article{TTP+00,
  Author         = {Paull, Tanya T. and Rogakou, Emmy P. and Yamazaki,
                   Vikky and Kirchgessner, Cordula U. and Gellert, Martin
                   and Bonner, William M.},
  Title          = {A critical role for histone {H}2{AX} in recruitment of
                   repair factors to nuclear foci after {DNA} damage},
  Journal        = {Current Biology},
  Volume         = {10},
  Pages          = {886-895},
  month          = {11 } # jul,
  year           = 2000
}

@Article{HvA+04,
  Author         = {Attikum, Haico van and Fritsch, Olivier and Hohn,
                   Barbara and Gasser, Susan M.},
  Title          = {Recruitment of the {INO}80 complex by {H}2{A}
                   phosphorylation links {ATP}-dependent chromatin
                   remodeling with {DNA} double-strand break repair},
  Journal        = {Cell},
  Volume         = {119},
  Pages          = {777-788},
  month          = {17 } # dec,
  year           = 2004
}

@Article{RLB00,
  Author         = {Rice, P. and Longden, I. and Bleasby, A.},
  Title          = {E{MBOSS}: {T}he {E}uropean {M}olecular {B}iology
                   {O}pen {S}oftware {S}uite},
  Journal        = {Trends in Genetics},
  Volume         = {16},
  Number         = {6},
  Pages          = {276-277},
  year           = 2000
}

@Article{JSS+02,
  Author         = {Siino, Joseph S. and Nazarov, Igor B. and Svetlova,
                   Maria P. and Solovjeva, Lioudmila V. and Adamson, Roger
                   H. and Zalenskaya, Irina A. and Yau, Peter M. and
                   Bradbury, E. Morton and Tomilin, Nikolai V.},
  Title          = {Photobleaching of {GFP}-labeled {H}2{AX} in chromatin:
                   {H}2{AX} has low diffusional mobility in the nucleus},
  Journal        = {Biochemical and Biophysical Research Communications},
  Volume         = {297},
  Pages          = {1318-1323},
  year           = 2002
}

@Article{JBBTB06,
  Author         = {Bewersdorf, J\"org and Bennett, Brian T. and Knight,
                   Kendall L.},
  Title          = {H2{AX} chromatin structures and their response to
                   {DNA} damage revealed by 4{P}i microscopy},
  Journal        = {PNAS},
  Volume         = {103},
  Number         = {48},
  Pages          = {18137-18142},
  month          = {28 } # nov,
  year           = 2006
}

@article{Marzluff02,
  title = {The human and mouse replication-dependent histone genes},
  author = {Marzluff, W.F. and Gongidi, P. and Woods, K.R. and Jin,
                  J. and Maltais, L.J.},
  journal = {Genomics},
  volume = {80},
  number = {5},
  pages = {487--498},
  year = {2002},
  doi = {10.1006/geno.2002.6850},
},

@article{HarrisMCB1991,
  title = {Regulation of histone m{RNA} in the unperturbed cell cycle:
                  evidence suggesting control at two
                  posttranscriptional steps},
  author = {Harris, ME and B{\"o}hni, R and Schneiderman, MH and
                  Ramamurthy, L and Sch{\"u}mperli, D and Marzluff,
                  WF},
  journal = {Molecular and cellular biology},
  volume = {11},
  number = {5},
  pages = {2416--2424},
  year = {1991},
  doi = {10.1128/MCB.11.5.2416},
},

@Article{JAD00,
  Author         = {Downs, Jessica A. and Lowndes, Noel F. and Jackson,
                   Stephen P.},
  Title          = {A role for saccharomyces cerevisiae histone {H}2{A} in
                   {DNA} repair},
  Journal        = {Nature},
  Volume         = {408},
  Pages          = {1001-1004},
  month          = {21 } # dec,
  year           = 2000
}

@Article{TG94,
  Author         = {Thatcher, Thomas H. and Gorovsky, Martin A.},
  Title          = {Phylogenetic analysis of the core histones {H}2{A},
                   {H}2{B}, {H}3, and {H}4},
  Journal        = {Nucleic Acids Research},
  Volume         = {22},
  Number         = {2},
  Pages          = {174-179},
  year           = 1994
}

@Article{NYH+02,
  Author         = {Nelson, David M. and Ye, Xiaofen and Hall, Caitlin and
                   Santos, Hidelita and Ma, Tianlin and Kao, Gary D. and
                   Yen, Timothy J. and Harper, J. Wade and Adams, Peter D.},
  Title          = {Coupling of {DNA} synthesis and histone synthesis in
                   {S} phase independent of cyclin/cdk2 activity},
  Journal        = {Molecular and Cellular Biology},
  Volume         = {22},
  Number         = {21},
  Pages          = {7459-7472},
  month          = nov,
  year           = 2002
}

@Article{CDABH08,
  Author         = {Dinant, Christoffel and Houtsmuller, Adriaan B. and
                   Vermeulen, Wim},
  Title          = {Chromatin structure and {DNA} damage repair},
  Journal        = {Epigenetics \& Chromatin},
  Volume         = {1},
  Number         = {1},
  Pages          = {9},
  month          = {12 } # nov,
  year           = 2008
}

@Article{HMH+07,
  Author         = {Hammet, Andrew and Magill, Christine and Heierhorst,
                   J\"org and Jackson, Stephen P.},
  Title          = {Rad9 {BRCT} domain interaction with phosphorylated
                   {H}2{AX} regulates the {G}1 checkpoint in budding yeast},
  Journal        = {EMBO Reports},
  Volume         = {8},
  Number         = {9},
  Pages          = {851-857},
  year           = 2007
}

@Article{ZEP+03,
  Author         = {Zhang, Liwen and Eugeni, Ericka E. and Parthun, Mark
                   R. and Freitas, Michael A.},
  Title          = {Identification of novel histone post-translational
                   modifications by peptide mass fingerprinting},
  Journal        = {Chromosoma},
  Volume         = {112},
  Pages          = {77-86},
  year           = 2003
}

@Article{SYC+05,
  Author         = {Sweeney, Fr\'ed\'eric D. and Yang, Feng and Chi, An
                   and Shabanowitz, Jeffrey and Hunt, Donald F. and
                   Durocher, Daniel},
  Title          = {Saccharomyces cerevisiae {R}ad9 {A}cts as a {M}ec1
                   {A}daptor to {A}llow {R}ad53 {A}ctivation},
  Journal        = {Current Biology},
  Volume         = {15},
  Number         = {15},
  Pages          = {1364-1375},
  year           = 2005
}

@Article{LMMGK+05,
  Author         = {Mari\~no-Ram\'{\i}rez, Leonardo and Kann, Maricel G.
                   and Shoemaker, Benjamin A. and Landsman, David},
  Title          = {Histone structure and nucleosome stability},
  Journal        = {Expert Rev Proteomics},
  Volume         = {2},
  Number         = {5},
  Pages          = {719-729},
  month          = oct,
  year           = 2005
}

@Article{AJB+08,
  Author         = {Ayoub, Nabieh and Jeyasekharan, Anand D. and Bernal,
                   Juan A. and Venkitaraman, Ashok R.},
  Title          = {H{P}1-beta mobilization promotes chromatin changes
                   that initiate the {DNA} damage response},
  Journal        = {Nature},
  Volume         = {453},
  Pages          = {682-686},
  month          = {29 } # may,
  year           = 2008
}

@Article{RE02,
  Author         = {Richards, Eric J. and Elgin, Sarah C.R.},
  Title          = {Epigenetic codes for heterochromatin formation and
                   silencing: rounding up the usual suspects},
  Journal        = {Cell},
  Volume         = {108},
  Pages          = {489-500},
  month          = {22 } # feb,
  year           = 2002
}

@Article{UAS+04,
  Author         = {Unal, Elcin and Arbel-Eden, Ayelet and Sattler, Ulrike
                   and Shroff, Robert and Lichten, Michael and Haber,
                   James E. and Koshland, Douglas},
  Title          = {D{NA} damage response pathway uses histone
                   modification to assemble a double-strand break-specific
                   cohesin domain},
  Journal        = {Molecular Cell},
  Volume         = {16},
  Pages          = {991-1002},
  month          = {22 } # dec,
  year           = 2004
}

@Article{MSLS+07,
  Author         = {Svetlova, Maria and Solovjeva, Liudmila and Nishi,
                   Kayoko and Nazarov, Igor and Siino, Joseph and Tomilin,
                   Nikolai},
  Title          = {Elimination of radiation-induced gamma-{H}2{AX} foci
                   in mammalian nucleus can occur by histone exchange},
  Journal        = {Biochemical and Biophysical Research Communications},
  Volume         = {358},
  Pages          = {650-654},
  year           = 2007
}

@Article{JAD03,
  Author         = {Downs, Jessica A. and Jackson, Stephen P.},
  Title          = {Protective packaging for {DNA}},
  Journal        = {Nature},
  Volume         = {424},
  Pages          = {732-734},
  month          = {14 } # aug,
  year           = 2003
}

@Article{JADWA+01,
  Author         = {Ausi\'o, Juan and Abbott, D. Wade and Wang, Xiaoying
                   and Moore, Susan C.},
  Title          = {Histone variants and histone modifications: a
                   structural perspective},
  Journal        = {Biochemistry and Cell Biology},
  Volume         = {79},
  Pages          = {693-708},
  year           = 2001
}

@Article{IWP+04,
  Author         = {Iliakis, G. and Wang, H. and Perrault, A.R. and
                   Boecker, W. and Rosidi, B. and Windhofer, F. and Wu, W.
                   and Guan, J. and Terzoudi, G. and Pantelias, G.},
  Title          = {Mechanisms of {DNA} double strand break repair and
                   chromosome aberration formation},
  Journal        = {Cytogenetic and Genome Research},
  Volume         = {104},
  Pages          = {14-20},
  year           = 2004
}

@Article{CJB04,
  Author         = {Bakkenist, Christopher J. and Kastan, Michael B.},
  Title          = {Initiating cellular stress responses},
  Journal        = {Cell},
  Volume         = {118},
  Pages          = {9-17},
  month          = {9 } # jul,
  year           = 2004
}

@Article{DJT07,
  Author         = {Tremethick, David J.},
  Title          = {Higher-order structures of chromatin: the elusive 30
                   nm fiber},
  Journal        = {Cell},
  Volume         = {128},
  Pages          = {651-654},
  month          = {23 } # feb,
  year           = 2007
}

@Article{MJK+06,
  Author         = {Kruhlak, Michael J. and Celeste, Arkady and Dellaire,
                   Graham and Fernandez-Capetillo, Oscar and M\"uller,
                   Waltraud G. and McNally, James G. and Bazett-Jones,
                   David P. and Nussenzweig, Andr\'e},
  Title          = {Changes in chromatin structure and mobility in living
                   cells at sites of {DNA} double-strand breaks},
  Journal        = {The Journal of Cell Biology},
  Volume         = {172},
  Number         = {6},
  Pages          = {823-834},
  month          = {13 } # mar,
  year           = 2006
}

@Article{DMR04,
  Author         = {Du, Li-Lin and Moser, Bettina A. and Russell, Paul},
  Title          = {Homo-oligomerization is the essential function of the
                   tandem {BRCT} domains in the checkpoint protein {C}rb2},
  Journal        = {The Journal of Biological Chemistry},
  Volume         = {279},
  Number         = {37},
  Pages          = {38409-38414},
  month          = {10 } # sep,
  year           = 2004
}

@Article{LMS+04,
  Author         = {Lukas, Claudia and Melander, Fredrik and Stucki,
                   Manuel and Falck, Jacob and Bekker-Jensen, Simon and
                   Goldberg, Michal and Lerenthal, Yaniv and Jackson,
                   Stephen P. and Bartek, Jiri and Jiri, Lukas},
  Title          = {Mdc1 couples {DNA} double-strand break recognition by
                   {N}bs1 with its {H}2{AX}-dependent chromatin retention},
  Journal        = {The EMBO Journal},
  Volume         = {23},
  Pages          = {2674-2683},
  year           = 2004
}

@Article{WCG01,
  Author         = {Walker, John R. and Corpina, Richard A. and Goldberg,
                   Jonathan},
  Title          = {Structure of the {K}u heterodimer bound to {DNA} and
                   its implications for double-strand break repair},
  Journal        = {Nature},
  Volume         = {412},
  Pages          = {607-614},
  month          = {9 } # aug,
  year           = 2001
}

@Article{MMH+05,
  Author         = {Monen, Joost and Maddox, Paul S. and Hyndman, Francie
                   and Oegema, Karen and Desai, Arshad},
  Title          = {Differential role of {CENP}-{A} in the segregation of
                   holocentric {C}. elegans chromosomes during meiosis and
                   mitosis},
  Journal        = {Nature Cell Biology},
  Volume         = {7},
  Pages          = {1248-1255},
  year           = 2005
}

@Article{WFM02,
  Author         = {Marzluff, William F. and Duronio, Robert J.},
  Title          = {Histone m{RNA} expression: multiple levels of cell
                   cycle regulation and important developmental
                   consequences},
  Journal        = {Current Opinion in Cell Biology},
  Volume         = {14},
  Pages          = {692-699},
  year           = 2002
}

@Article{CKI+05,
  Author         = {Chowdhury, Dipanjan and Keogh, Michael-Christopher and
                   Ishii, Haruhiko and Peterson, Craig L. and Buratowski,
                   Stephen and Lieberman, Judy},
  Title          = {{g}amma-{H}2{AX} dephosphorylation by protein
                   phosphatase 2{A} facilitates {DNA} double-strand break
                   repair},
  Journal        = {Molecular Cell},
  Volume         = {20},
  Pages          = {801-809},
  month          = {9 } # dec,
  year           = 2005
}

@Article{EPR+99,
  Author         = {Rogakou, Emmy P. and Boon, Chye and Redon, Christophe
                   and Bonner, William M.},
  Title          = {Megabase chromatin domains involved in {DNA}
                   double-strand breaks in vivo},
  Journal        = {The Journal of Cell Biology},
  Volume         = {146},
  Number         = {5},
  Pages          = {905-915},
  month          = {6 } # sep,
  year           = 1999
}

@Article{HZDJ+04,
  Author         = {Huyen, Yentram and Zgheib, Omar and DiTullio Jr,
                   Richard A. and Gorgoulis, Vassilis G. and Zacharatos,
                   Panayotis and Petty, Tom J. and Sheston, Emily A. and
                   Mellert, Hestia S. and Stavridi, Elena S. and
                   Halazonetis, Thanos D.},
  Title          = {Methylated lysine 79 of histone {H}3 targets 53{BP}1
                   to {DNA} double-strand breaks},
  Journal        = {Nature},
  Volume         = {432},
  Number         = {7015},
  Pages          = {406-411},
  month          = {18 } # nov,
  year           = 2004
}

@Article{ACSP+02,
  Author         = {Celeste, Arkady and Petersen, Simone and Romanienko,
                   Peter J. and Fernandez-Capetillo, Oscar and Chen, Hua
                   Tang and Sedelnikova, Olga A. and Reina-San-Martin,
                   Bernardo and Coppola, Vincenzo and Meffre, Eric and
                   Difilippantonio, Michael J. and Redon, Christophe and
                   Pilch, Duane R. and Olaru, Alexandru and Eckhaus,
                   Michael and Camerini-Otero, R. Daniel and Tessarollo,
                   Lino and Livak, Ferenc and Manova, Katia and Bonner,
                   William M. and Nussenzweig, Michel C. and Nussenzweig,
                   Andr\'e},
  Title          = {Genomic instability in mice lacking histone {H}2{AX}},
  Journal        = {Science},
  Volume         = {296},
  Pages          = {922-927},
  month          = {3 } # may,
  year           = 2002
}

@Article{BPC05,
  Author         = {Chadwick, Brian P. and Lane, Timothy F.},
  Title          = {B{RCA}1 associates with the inactive {X} chromosome in
                   late {S}-phase, coupled with transient {H}2{AX}
                   phosphorylation},
  Journal        = {Chromosoma},
  Volume         = {114},
  Pages          = {432-439},
  month          = {21 } # oct,
  year           = 2005
}

@Article{KHHK+08,
  Author         = {Heo, Kyu and Kim, Hyunjung and Choi, Si Ho and Choi,
                   Jongkyu and Kim, Kyunghwan and Gu, Jiafeng and Lieber,
                   Michael R. and Yang, Allen S. and An, Woojin},
  Title          = {F{ACT}-mediated exchange of histone variant {H}2{AX}
                   regulated by phosphorylation of {H}2{AX} and
                   {ADP}-{R}ibosylation of {S}pt16},
  Journal        = {Molecular Cell},
  Volume         = {30},
  Pages          = {86-97},
  month          = {11 } # apr,
  year           = 2008
}

@Article{CLW01,
  Author         = {White, Cindy L. and Suto, Robert K. and Luger, Karolin},
  Title          = {Structure of the yeast nucleosome core particle
                   reveals fundamental changes in internucleosome
                   interactions},
  Journal        = {The EMBO Journal},
  Volume         = {20},
  Number         = {18},
  Pages          = {5207-5218},
  year           = 2001
}

@Article{CJT+09,
  Author         = {Cook, Peter J. and Ju, Bong Gun and Telese, Francesca
                   and Wang, Xiangting and Glass, Christopher K. and
                   Rosenfeld, Michael G.},
  Title          = {Tyrosine dephosphorylation of {H}2{AX} modulates
                   apoptosis and survival decisions},
  Journal        = {Nature},
  Volume         = {458},
  Pages          = {591-596},
  month          = {2 } # apr,
  year           = 2009
}

@Article{CHB04,
  Author         = {Bassing, Craig H. and Alt, Frederick W.},
  Title          = {The cellular response to general and programmed {DNA}
                   double strand breaks},
  Journal        = {DNA repair},
  Volume         = {3},
  Pages          = {781-796},
  year           = 2004
}

@Article{IHI08,
  Author         = {Ismail, Ismail Hassan and Hendzel, Michael J.},
  Title          = {The gamma-{H}2{A}.{X}: is it just a surrogate marker
                   of double-strand breaks or much more?},
  Journal        = {Environmental and Molecular Mutagenesis},
  Volume         = {49},
  Pages          = {73-82},
  year           = 2008
}

@Article{AJM+04,
  Author         = {Morrison, Ashby J. and Highland, Jessica and Krogan,
                   Nevan J. and Arbel-Eden, Ayelet and Greenblatt, Jack F.
                   and Haber, James E. and Shen, Xuetong},
  Title          = {I{NO}80 and gamma-{H}2{AX} interaction links
                   {ATP}-dependent chromatin remodeling to {DNA} damage
                   repair},
  Journal        = {Cell},
  Volume         = {119},
  Pages          = {767-775},
  month          = {17 } # dec,
  year           = 2004
}

@Article{MHPW80,
  Author         = {West, Michael H. P. and Bonner, William M.},
  Title          = {Histone 2{A}, a heteromorphous family of eight protein
                   species},
  Journal        = {Biochemistry},
  Volume         = {19},
  Number         = {14},
  Pages          = {3238-3245},
  year           = 1980
}

@article{controlling-double-helix,
  title={Controlling the double helix},
  author={Felsenfeld, Gary and Groudine, Mark},
  journal={Nature},
  volume={421},
  number={6921},
  pages={448--453},
  year={2003},
  doi={10.1038/nature01411},
},

@Article{MJK06,
  Author         = {Kruhlak, Michael J. and Celeste, Arkady and
                   Nussenzweig, Andr\'e},
  Title          = {Spatio-temporal dynamics of chromatin containing {DNA}
                   breaks extra view},
  Journal        = {Cell Cycle},
  Volume         = {5},
  Number         = {17},
  Pages          = {1910-1912},
  month          = {1 } # sep,
  year           = 2006
}

@Article{SL99,
  Author         = {Soulier, Jean and Lowndes, Noel F.},
  Title          = {The {BRCT} domain of the {S}. cerevisiae checkpoint
                   protein {R}ad9 mediates a {R}ad9-{R}ad9 interaction
                   after {DNA} damage},
  Journal        = {Current Biology},
  Volume         = {9},
  Number         = {10},
  Pages          = {551-554},
  year           = 1999
}

@Article{PD09,
  Author         = {Panier, Stephanie and Durocher, Daniel},
  Title          = {Regulatory ubiquitylation in response to {DNA}
                   double-strand breaks},
  Journal        = {DNA repair},
  Volume         = {8},
  Number         = {4},
  Pages          = {436-443},
  month          = {5 } # apr,
  year           = 2009
}

@Article{PJM07,
  Author         = {McKinnon, Peter J. and Caldecott, Keith W.},
  Title          = {D{NA} strand break repair and human genetic disease},
  Journal        = {Annual Review of Genomics and Human Genetics},
  Volume         = {8},
  Pages          = {35-55},
  month          = sep,
  year           = 2007
}

@Article{CHB+08,
  Author         = {Bassing, Craig H. and Suh, Heikyung and Ferguson,
                   David O. and Chua, Katrin F. and Manis, John and
                   Eckersdorff, Mark and Gleason, Megan and Bronson,
                   Rodrick and Lee, Charles and Alt, Frederick W.},
  Title          = {Histone {H}2{AX}: a dosage-dependent suppressor of
                   oncogenic translocations and tumors},
  Journal        = {Cell},
  Volume         = {114},
  Pages          = {359-370},
  month          = {8 } # aug,
  year           = 2003
}

@Article{Mor99,
  Author         = {Morgenstern, Burkhard},
  Title          = {D{IALIGN} 2: improvement of the segment-to-segment
                   approach to multiple sequence alignment},
  Journal        = {Bioinformatics},
  Volume         = {15},
  Number         = {3},
  Pages          = {211-218},
  year           = 1999
}

@Article{VSI94,
  Author         = {Ivanova, Vessela S. and Hatch, Christopher L. and
                   Bonner, William M.},
  Title          = {Characterization of the human histone {H}2{A}.{X}
                   gene. {C}omparison of its promoter with other {H}2{A}
                   gene promoters},
  Journal        = {The Journal of Biological Chemistry},
  Volume         = {269},
  Number         = {39},
  Pages          = {24189-24194},
  month          = {30 } # sep,
  year           = 1994
}

@Article{KDR+08,
  Author         = {Kilkenny, Mairi L. and Dor\'e, Andrew S. and Roe, S.
                   Mark and Nestoras, Konstantinos and Ho, Jenny C.Y. and
                   Watts, Felicity Z. and Pearl, Laurence H.},
  Title          = {Structural and functional analysis of the
                   {C}rb2-{BRCT}2 domain reveals distinct roles in
                   checkpoint signaling and {DNA} damage repair},
  Journal        = {Genes \& Development},
  Volume         = {22},
  Pages          = {2034-2047},
  year           = 2008
}

@Article{XLS+09,
  Author         = {Xiao, Andrew and Li, Haitao and Shechter, David and
                   Ahn, Sung Hee and Fabrizio, Laura A. and
                   Erdjument-Bromage, Hediye and Ishibe-Murakami, Satoko
                   and Wang, Bin and Tempst, Paul and Hofmann, Kay and
                   Patel, Dinshaw J. and Elledge, Stephen J. and Allis, C.
                   David},
  Title          = {W{STF} regulates the {H}2{A}.{X} {DNA} damage response
                   via a novel tyrosine kinase activity},
  Journal        = {Nature},
  Volume         = {457},
  Pages          = {57-62},
  month          = {1 } # jan,
  year           = 2009
}

@article{HTwoAX-transcripts,
  title = {{H2A.X}. a histone isoprotein with a conserved {C}-terminal
                  sequence, is encoded by a novel {mRNA} with both
                  {DNA} replication type and {polyA} 3' processing
                  signals},
  author = {Cecilia Mannironi and William M. Bonner and Christopher L. Hatch},
  journal = {Nucleic Acids Research},
  volume = {17},
  number = {22},
  pages = {9113--9126},
  year = {1989},
  doi = {10.1093/nar/17.22.9113},
}

@Article{IO03,
  Author         = {Ikura, Tsuyoshi and Ogryzko, Vasily V.},
  Title          = {Chromatin dynamics and {DNA} repair},
  Journal        = {Frontiers in Bioscience},
  Volume         = {8},
  Pages          = {149-155},
  month          = {1 } # jan,
  year           = 2003
}

@article{HDE-sequence,
  title = {The conserved {CAAGAAAGA} spacer sequence is an essential
                  element for the formation of 3' termini of the sea
                  urchin {H3} histone {mRNA} by {RNA} processing},
  author = {Georgiev, Oleg and Birnstiel, Max L.},
  journal = {The EMBO Journal},
  volume = {4},
  number = {2},
  pages = {481},
  year = {1985},
},
